@article{schweizer2013comparative,
  title={Comparative evaluation of advanced three-phase three-level inverter/converter topologies against two-level systems},
  author={Schweizer, Mario and Friedli, Thomas and Kolar, Johann W},
  journal={IEEE Transactions on industrial electronics},
  volume={60},
  number={12},
  pages={5515--5527},
  year={2013},
  publisher={IEEE}
}

@article{何祚镛2007近场声全息技术应用有关物理问题研究,
  title={近场声全息技术应用有关物理问题研究},
  author={何祚镛 and 何元安 and 王曼},
  journal={声学学报},
  volume={32},
  number={2},
  pages={137--143},
  year={2007},
  publisher={《 声学学报》 编辑部}
}